@phdthesis{DBLP:phd/hal/Keller13,
  author    = {Chantal Keller},
  title     = {A Matter of Trust: Skeptical Communication Between Coq and External
               Provers. (Question de confiance : communication sceptique entre Coq
               et des prouveurs externes)},
  school    = {{\'{E}}cole Polytechnique, Palaiseau, France},
  year      = {2013},
  url       = {https://tel.archives-ouvertes.fr/pastel-00838322},
  timestamp = {Tue, 21 Jul 2020 00:40:48 +0200},
  biburl    = {https://dblp.org/rec/phd/hal/Keller13.bib},
  bibsource = {dblp computer science bibliography, https://dblp.org}
}

@phdthesis{bohme,
	author = {Sascha B\"ohme},
	title = {Proving Theorems of Higher-Order Logic with SMT Solvers},
	school = {Technische Universit\"at M\"unchen},
	year = 2012
}

@inproceedings{10.5555/645902.672777,
	author = {Boulton, Richard J. and Gordon, Andrew and Gordon, Michael J. C. and Harrison, John and Herbert, John and Tassel, John Van},
	title = {Experience with Embedding Hardware Description Languages in HOL},
	year = {1992},
	isbn = {0444896864},
	publisher = {North-Holland Publishing Co.},
	address = {NLD},
	booktitle = {Proceedings of the IFIP TC10/WG 10.2 International Conference on Theorem Provers in Circuit Design: Theory, Practice and Experience},
	pages = {129â€“156},
	numpages = {28}
}